<?xml version="1.0" encoding="UTF-8"?><collection xmlns="http://www.loc.gov/MARC21/slim"><record><leader>00449nam--2200133-i-4500</leader><controlfield tag="001">000039685</controlfield><controlfield tag="002">20161230</controlfield><controlfield tag="005">20161230201042</controlfield><controlfield tag="008">060222s1000------------r-----000-0-eng-d</controlfield><datafield ind1=" " ind2=" " tag="080"><subfield code="a">621.59</subfield></datafield><datafield ind1=" " ind2=" " tag="100"><subfield code="a">Rowinski,A.E., Fastowski,W.G. Und Petrowski,J.W</subfield></datafield><datafield ind1=" " ind2=" " tag="245"><subfield code="a">Kryotechnik. in deutscher sprache bearbeitet und erganzt herausgegeben von gunter appelt mit 198 abbildungen und 63 tabellen</subfield></datafield><datafield ind1=" " ind2=" " tag="260"><subfield code="a">Berlin, Akakd.Verlag, 1970. 450 P</subfield></datafield><datafield ind1=" " ind2=" " tag="852"><subfield code="a">77409</subfield></datafield></record></collection>